<?xml version="1.0" encoding="UTF-8"?><collection xmlns="http://www.loc.gov/MARC21/slim"><record><leader>00632nam--2200193-i-4500</leader><controlfield tag="001">000013447</controlfield><controlfield tag="002">20161230</controlfield><controlfield tag="005">20161230201030</controlfield><controlfield tag="008">060222s1000------------r-----000-0-rum-d</controlfield><datafield ind1=" " ind2=" " tag="040"><subfield code="a">IFIN-HH</subfield></datafield><datafield ind1=" " ind2=" " tag="041"><subfield code="a">rum</subfield></datafield><datafield ind1=" " ind2=" " tag="080"><subfield code="a">537.635:537.611.45:537.611.44(043)</subfield></datafield><datafield ind1="1" ind2=" " tag="100"><subfield code="a">Balanescu, Maria-magdalena</subfield></datafield><datafield ind1="1" ind2="0" tag="245"><subfield code="a">Metode de imbunatatire a raportului semnal/ zgomot prin prelucrarea semnalului de rezonanta magnetica</subfield><subfield code="b">Teza</subfield><subfield code="c">Maria-magdalena balanescu</subfield></datafield><datafield ind1=" " ind2=" " tag="260"><subfield code="a">Bucuresti</subfield><subfield code="b">Ifin</subfield><subfield code="c">1981</subfield></datafield><datafield ind1=" " ind2=" " tag="300"><subfield code="a">150P</subfield></datafield><datafield ind1=" " ind2=" " tag="502"><subfield code="a">Coducator Stiintific: Conf.Dr.Ing. Emilian Rodean</subfield></datafield><datafield ind1=" " ind2=" " tag="852"><subfield code="a">48819</subfield><subfield code="c">537:538</subfield></datafield><datafield ind1=" " ind2=" " tag="CAT"><subfield code="a">Sys</subfield><subfield code="c">20110623</subfield><subfield code="h">162225</subfield></datafield></record></collection>